%% This BibTeX bibliography file was created using BibDesk.
%% http://bibdesk.sourceforge.net/


%% Created for Jeroen Craps at 2015-04-26 12:13:17 +0200 


%% Saved with string encoding Unicode (UTF-8) 



@article{data2012,
	Author = {Sumit Gulwani and William R. Harris and Rishabh Singh},
	Date-Added = {2015-04-26 10:03:46 +0000},
	Date-Modified = {2015-04-26 10:07:18 +0000},
	Journal = {Communications of the ACM},
	Keywords = {Spreadsheet Data, Data Manipulation, Learning by example},
	Month = {August},
	Number = {8},
	Pages = {97-105},
	Title = {Spreadsheet Data Manipulation Using Examples},
	Volume = {55},
	Year = {2012},
	Bdsk-File-1 = {YnBsaXN0MDDUAQIDBAUGJCVYJHZlcnNpb25YJG9iamVjdHNZJGFyY2hpdmVyVCR0b3ASAAGGoKgHCBMUFRYaIVUkbnVsbNMJCgsMDxJXTlMua2V5c1pOUy5vYmplY3RzViRjbGFzc6INDoACgAOiEBGABIAFgAdccmVsYXRpdmVQYXRoWWFsaWFzRGF0YV8QNy4uLy4uL1Zvb3JiZXJlaWRlbmRlIFBhcGVycy9DQUNNIFBhcGVyIC0gRmxhc2ggRmlsbC5wZGbSFwsYGVdOUy5kYXRhTxECEAAAAAACEAACAAAMTWFjaW50b3NoIEhEAAAAAAAAAAAAAAAAAAAAxuCJ80grAAABg3j/G0NBQ00gUGFwZXIgLSBGbGFzaCBGaWxsLnBkZgAAAAAAAAAAAAAAAAAAAAAAAAAAAAAAAAAAAAAAAAAAAAAAAAGDeQDQhlZeAAAAAAAAAAAAAgACAAAJIAAAAAAAAAAAAAAAAAAAABVWb29yYmVyZWlkZW5kZSBQYXBlcnMAABAACAAAxuBt0wAAABEACAAA0IZITgAAAAEAFAGDeP8BbTKOAAgBjwAIAYIAAJFBAAIAaE1hY2ludG9zaCBIRDpVc2VyczoASmVyb2VuOgBEb2N1bWVudHM6AEJhY2hlbG9ycHJvZWY6AFZvb3JiZXJlaWRlbmRlIFBhcGVyczoAQ0FDTSBQYXBlciAtIEZsYXNoIEZpbGwucGRmAA4AOAAbAEMAQQBDAE0AIABQAGEAcABlAHIAIAAtACAARgBsAGEAcwBoACAARgBpAGwAbAAuAHAAZABmAA8AGgAMAE0AYQBjAGkAbgB0AG8AcwBoACAASABEABIAVlVzZXJzL0plcm9lbi9Eb2N1bWVudHMvQmFjaGVsb3Jwcm9lZi9Wb29yYmVyZWlkZW5kZSBQYXBlcnMvQ0FDTSBQYXBlciAtIEZsYXNoIEZpbGwucGRmABMAAS8AABUAAgAN//8AAIAG0hscHR5aJGNsYXNzbmFtZVgkY2xhc3Nlc11OU011dGFibGVEYXRhox0fIFZOU0RhdGFYTlNPYmplY3TSGxwiI1xOU0RpY3Rpb25hcnmiIiBfEA9OU0tleWVkQXJjaGl2ZXLRJidUcm9vdIABAAgAEQAaACMALQAyADcAQABGAE0AVQBgAGcAagBsAG4AcQBzAHUAdwCEAI4AyADNANUC6QLrAvAC+wMEAxIDFgMdAyYDKwM4AzsDTQNQA1UAAAAAAAACAQAAAAAAAAAoAAAAAAAAAAAAAAAAAAADVw==}}

@article{count2002,
	Author = {Graham Hutton},
	Date-Added = {2015-04-26 09:56:54 +0000},
	Date-Modified = {2015-04-26 10:02:34 +0000},
	Journal = {Journal of Functional Programming},
	Keywords = {countdown problem, functional programming},
	Month = {November},
	Number = {12},
	Pages = {609-616},
	Title = {Functional Pearl: The Countdown Problem},
	Volume = {6},
	Year = {2002},
	Bdsk-File-1 = {YnBsaXN0MDDUAQIDBAUGJCVYJHZlcnNpb25YJG9iamVjdHNZJGFyY2hpdmVyVCR0b3ASAAGGoKgHCBMUFRYaIVUkbnVsbNMJCgsMDxJXTlMua2V5c1pOUy5vYmplY3RzViRjbGFzc6INDoACgAOiEBGABIAFgAdccmVsYXRpdmVQYXRoWWFsaWFzRGF0YV8QIy4uLy4uLy4uLy4uL0Rvd25sb2Fkcy9jb3VudGRvd24ucGRm0hcLGBlXTlMuZGF0YU8RAXoAAAAAAXoAAgAADE1hY2ludG9zaCBIRAAAAAAAAAAAAAAAAAAAAMbgifNIKwAAAAgBkg1jb3VudGRvd24ucGRmAAAAAAAAAAAAAAAAAAAAAAAAAAAAAAAAAAAAAAAAAAAAAAAAAAAAAAAAAAAAAAAAAAABuUcp0WKEcgAAAAAAAAAAAAQAAgAACSAAAAAAAAAAAAAAAAAAAAAJRG93bmxvYWRzAAAQAAgAAMbgbdMAAAARAAgAANFiaFIAAAABAAwACAGSAAgBggAAkUEAAgA0TWFjaW50b3NoIEhEOlVzZXJzOgBKZXJvZW46AERvd25sb2FkczoAY291bnRkb3duLnBkZgAOABwADQBjAG8AdQBuAHQAZABvAHcAbgAuAHAAZABmAA8AGgAMAE0AYQBjAGkAbgB0AG8AcwBoACAASABEABIAJFVzZXJzL0plcm9lbi9Eb3dubG9hZHMvY291bnRkb3duLnBkZgATAAEvAAAVAAIADf//AACABtIbHB0eWiRjbGFzc25hbWVYJGNsYXNzZXNdTlNNdXRhYmxlRGF0YaMdHyBWTlNEYXRhWE5TT2JqZWN00hscIiNcTlNEaWN0aW9uYXJ5oiIgXxAPTlNLZXllZEFyY2hpdmVy0SYnVHJvb3SAAQAIABEAGgAjAC0AMgA3AEAARgBNAFUAYABnAGoAbABuAHEAcwB1AHcAhACOALQAuQDBAj8CQQJGAlECWgJoAmwCcwJ8AoECjgKRAqMCpgKrAAAAAAAAAgEAAAAAAAAAKAAAAAAAAAAAAAAAAAAAAq0=}}
